@BOOK{Burton,
  author = {Burton D. M},
  title = {Elementary number theory},
  year = {1980}

}
